<?xml version="1.0" encoding="UTF-8"?><collection xmlns="http://www.loc.gov/MARC21/slim"><record><leader>00734nam--2200181-i-4500</leader><controlfield tag="001">000022356</controlfield><controlfield tag="002">20161230</controlfield><controlfield tag="005">20170106165300</controlfield><controlfield tag="008">060222s1000------------r-----000-0-eng-d</controlfield><datafield ind1=" " ind2=" " tag="040"><subfield code="a">IFIN-HH</subfield></datafield><datafield ind1=" " ind2=" " tag="080"><subfield code="a">539.12.04:620.179.15</subfield></datafield><datafield ind1="1" ind2=" " tag="100"><subfield code="a">Strumane, R</subfield></datafield><datafield ind1="1" ind2="0" tag="245"><subfield code="a">The interaction of radiation with solids</subfield><subfield code="b">Proceedings of the International Summer School on Solid State Physics held at Mol, Belgium, August 12-31, 1963; The direct observation of lattice defects by means of electron microscopy</subfield><subfield code="c">R. Strumane,J. Nihoul, R. Gevers, S. Amelinckx (eds.)</subfield></datafield><datafield ind1=" " ind2=" " tag="260"><subfield code="a">Amsterdam</subfield><subfield code="b">North-Holland Publishing Company</subfield><subfield code="c">1964</subfield></datafield><datafield ind1=" " ind2=" " tag="300"><subfield code="a">/682 p.-754 p.</subfield></datafield><datafield ind1="1" ind2=" " tag="700"><subfield code="a">Amelinckx, S</subfield><subfield code="e">Ed</subfield></datafield><datafield ind1=" " ind2=" " tag="852"><subfield code="a">20712</subfield><subfield code="c">539.2</subfield></datafield><datafield ind1=" " ind2=" " tag="CAT"><subfield code="a">SYS</subfield><subfield code="c">20170106</subfield><subfield code="h">165300</subfield></datafield></record></collection>